<collection xmlns="http://www.loc.gov/MARC21/slim">
<record>
  <leader>01710nam0a22002531i 450 </leader>
  <controlfield tag="001">IT\ICCU\CNCE\065660</controlfield>
  <controlfield tag="005">20060821000000.0</controlfield>
  <datafield tag="012" ind1=" " ind2=" ">
    <subfield code="a">s,ei u-e- ior- estr (3) 1598 (A)</subfield>
    <subfield code="2">fei</subfield>
    <subfield code="9">1</subfield>
  </datafield>
  <datafield tag="012" ind1=" " ind2=" ">
    <subfield code="a">s,i- t.d&amp; t.i- tiel (3) 1598 (A)</subfield>
    <subfield code="2">fei</subfield>
    <subfield code="9">2</subfield>
  </datafield>
  <datafield tag="100" ind1=" " ind2=" ">
    <subfield code="a">20060726d1598        0itac0103    ba</subfield>
  </datafield>
  <datafield tag="101" ind1=" " ind2=" ">
    <subfield code="a">LAT</subfield>
  </datafield>
  <datafield tag="102" ind1=" " ind2=" ">
    <subfield code="a">IT</subfield>
  </datafield>
  <datafield tag="200" ind1="1" ind2=" ">
    <subfield code="a">Sacrosancti Concilii Tridentini canones, &amp; decreta. Cum citationibus ex vtroque testamento, &amp; iuris pontificij constitutionibus, alijsque s.r.e. concilijs, ab Horatio Lutio Calliensi i.c. &amp; Modoetiae archypresb. collectis. His nouissim ̈praeter Piorum 4.&amp; 5. Ro. pont. bullas, necnon indices sess. decr. cap. librorumque prohibitorum illum postrem ̣publicatum; accessit aurea Margarita materiarum, ... Quae omnia hac postrema editione accuratissim ̈recognita, emendatiora, &amp; vberiora prodeunt</subfield>
  </datafield>
  <datafield tag="210" ind1=" " ind2=" ">
    <subfield code="a">Placentiae</subfield>
    <subfield code="c">ex officina Ioannis Bazachij</subfield>
    <subfield code="d">1598 (Placentiae</subfield>
    <subfield code="c">Apud Ioannem Bazachium</subfield>
    <subfield code="d">1598</subfield>
  </datafield>
  <datafield tag="215" ind1=" " ind2=" ">
    <subfield code="a">2 Pt. (\16!, 416, \88!; 81, \7! p.)</subfield>
    <subfield code="d">8℗ð</subfield>
  </datafield>
  <datafield tag="300" ind1=" " ind2=" ">
    <subfield code="a">Pt. 2: Index librorum prohibitorum . -  Marca tipogr. sui front. -  Colophon a c. f6r della Pt. 2. -  Segn.: crocéı A-2H́ı 2Íþ; a-f́ı. -  Iniziali xil. -  C. f6v e f7-f8 bianche. - SUi front IT\ICCU\RMLM\000084</subfield>
  </datafield>
  <datafield tag="620" ind1=" " ind2=" ">
    <subfield code="a">IT</subfield>
    <subfield code="d">Piacenza</subfield>
  </datafield>
  <datafield tag="710" ind1="1" ind2="2">
    <subfield code="a">Concilio di Trento</subfield>
    <subfield code="c"> &lt;1545-1563&gt;</subfield>
    <subfield code="3">IT\ICCU\CNCA\003434</subfield>
  </datafield>
  <datafield tag="712" ind1="0" ind2="0">
    <subfield code="a">Bazachi, Giovanni</subfield>
    <subfield code="3">IT\ICCU\CNCT\001313</subfield>
    <subfield code="4">650</subfield>
  </datafield>
  <datafield tag="791" ind1="0" ind2="2">
    <subfield code="a">Concilium Tridentinum</subfield>
    <subfield code="c"> &lt;1545-1563&gt;</subfield>
    <subfield code="3">8382</subfield>
    <subfield code="z">Concilio di Trento &lt;1545-1563&gt;</subfield>
  </datafield>
  <datafield tag="791" ind1="0" ind2="0">
    <subfield code="a">Bazzachi, Giovanni</subfield>
    <subfield code="3">IT\ICCU\CNCT\003629</subfield>
    <subfield code="z">Bazachi, Giovanni</subfield>
  </datafield>
  <datafield tag="791" ind1="0" ind2="0">
    <subfield code="a">Bazachius, Ioannes</subfield>
    <subfield code="3">IT\ICCU\CNCT\004307</subfield>
    <subfield code="z">Bazachi, Giovanni</subfield>
  </datafield>
  <datafield tag="801" ind1=" " ind2="3">
    <subfield code="a">IT</subfield>
    <subfield code="b">ICCU</subfield>
    <subfield code="c">20201115</subfield>
  </datafield>
  <datafield tag="899" ind1=" " ind2=" ">
    <subfield code="a">Biblioteca del Seminario arcivescovile. Torino</subfield>
    <subfield code="1">TO0326</subfield>
    <subfield code="2">TO0 97</subfield>
  </datafield>
</record>
</collection>
